<record><leader>00000cas a2200000 a 4500</leader><controlfield tag="001">8811481</controlfield><controlfield tag="008">820927d19361967iluwr ne      0   a0eng  </controlfield><datafield ind1=" " ind2=" " tag="010"><subfield code="a">sn 82015689 </subfield></datafield><datafield ind1=" " ind2=" " tag="040"><subfield code="a">DLC</subfield><subfield code="b">eng</subfield><subfield code="c">DLC</subfield><subfield code="d">NVF</subfield><subfield code="d">OCLCO</subfield><subfield code="d">OCLCQ</subfield><subfield code="d">OCLCF</subfield><subfield code="d">NVF</subfield></datafield><datafield ind1=" " ind2=" " tag="042"><subfield code="a">pcc</subfield></datafield><datafield ind1=" " ind2=" " tag="043"><subfield code="a">n-us-il</subfield></datafield><datafield ind1="0" ind2="0" tag="050"><subfield code="a">Newspaper 7669</subfield></datafield><datafield ind1="0" ind2="0" tag="245"><subfield code="a">Piatt County journal.</subfield></datafield><datafield ind1=" " ind2=" " tag="260"><subfield code="a">Monticello, Ill. :</subfield><subfield code="b">G.H. Chitwood,</subfield><subfield code="c">1936-1967.</subfield></datafield><datafield ind1=" " ind2=" " tag="300"><subfield code="a">v.</subfield></datafield><datafield ind1=" " ind2=" " tag="310"><subfield code="a">Weekly</subfield></datafield><datafield ind1="0" ind2=" " tag="362"><subfield code="a">Vol. 80, no. 13 (Mar. 26, 1936)-v. 111, no. 9 (Mar. 2, 1967).</subfield></datafield><datafield ind1=" " ind2=" " tag="500"><subfield code="a">May 17, 1956 issue called also "Centennial anniversary edition."</subfield></datafield><datafield ind1=" " ind2=" " tag="515"><subfield code="a">Continues the numbering of Monticello bulletin (Monticello, Ill.).</subfield></datafield><datafield ind1=" " ind2=" " tag="530"><subfield code="a">Available on microfilm;</subfield><subfield code="b">Illinois State Historical Library.</subfield></datafield><datafield ind1=" " ind2=" " tag="580"><subfield code="a">Merged with: Piatt County Republican, to form: Piatt County journal-Republican.</subfield></datafield><datafield ind1=" " ind2="0" tag="651"><subfield code="a">Monticello (Ill.)</subfield><subfield code="v">Newspapers.</subfield></datafield><datafield ind1=" " ind2="0" tag="651"><subfield code="a">Piatt County (Ill.)</subfield><subfield code="v">Newspapers.</subfield></datafield><datafield ind1=" " ind2="7" tag="651"><subfield code="a">Illinois</subfield><subfield code="z">Monticello.</subfield><subfield code="2">fast</subfield><subfield code="0">(OCoLC)fst01212123</subfield></datafield><datafield ind1=" " ind2="7" tag="651"><subfield code="a">Illinois</subfield><subfield code="z">Piatt County.</subfield><subfield code="2">fast</subfield><subfield code="0">(OCoLC)fst01215006</subfield></datafield><datafield ind1=" " ind2="7" tag="655"><subfield code="a">Newspapers.</subfield><subfield code="2">fast</subfield><subfield code="0">(OCoLC)fst01423814</subfield></datafield><datafield ind1=" " ind2=" " tag="752"><subfield code="a">United States</subfield><subfield code="b">Illinois</subfield><subfield code="c">Piatt County</subfield><subfield code="d">Monticello.</subfield></datafield><datafield ind1="0" ind2="0" tag="780"><subfield code="t">Monticello bulletin (Monticello, Ill.)</subfield><subfield code="w">(DLC)sn 87082507</subfield><subfield code="w">(OCoLC)15807885</subfield></datafield><datafield ind1="1" ind2="7" tag="785"><subfield code="t">Piatt County Republican</subfield><subfield code="w">(DLC)sn 87082506</subfield><subfield code="w">(OCoLC)15807840</subfield></datafield><datafield ind1="1" ind2="7" tag="785"><subfield code="t">Piatt County journal-Republican</subfield><subfield code="w">(DLC)sn 92053155</subfield><subfield code="w">(OCoLC)25441932</subfield></datafield><datafield ind1="1" ind2=" " tag="029"><subfield code="a">AU@</subfield><subfield code="b">000020485234</subfield></datafield></record>